<?xml version="1.0" encoding="UTF-8"?><record xmlns="http://www.loc.gov/MARC21/slim" xmlns:cinclude="http://apache.org/cocoon/include/1.0" xmlns:zs="http://www.loc.gov/zing/srw/">
  <leader>00955cz  a2200193n  4500</leader>
  <controlfield tag="001">n  78043962 </controlfield>
  <controlfield tag="003">DLC</controlfield>
  <controlfield tag="005">19991020165421.0</controlfield>
  <controlfield tag="008">780801n| acannaab           |a aaa      </controlfield>
  <datafield tag="010" ind1=" " ind2=" ">
    <subfield code="a">n  78043962 </subfield>
  </datafield>
  <datafield tag="040" ind1=" " ind2=" ">
    <subfield code="a">DLC</subfield>
    <subfield code="c">DLC</subfield>
    <subfield code="d">DLC</subfield>
  </datafield>
  <datafield tag="100" ind1="1" ind2=" ">
    <subfield code="a">Bourke, S. F.</subfield>
  </datafield>
  <datafield tag="400" ind1="1" ind2=" ">
    <subfield code="a">Bourke, Sidney Frederick</subfield>
  </datafield>
  <datafield tag="400" ind1="1" ind2=" ">
    <subfield code="a">Bourke, Sid F.</subfield>
    <subfield code="q">(Sid Frederick)</subfield>
  </datafield>
  <datafield tag="670" ind1=" " ind2=" ">
    <subfield code="a">His The mastery of ... 1977:</subfield>
    <subfield code="b">t.p. (S. F. Bourke) p. 331 (was with Australian Dept. of Defence, now Chief Research Officer (Curriculum and Evaluation) at Aus. Council for Ed. Research)</subfield>
  </datafield>
  <datafield tag="670" ind1=" " ind2=" ">
    <subfield code="a">Oracy in Australian schools, 1980:</subfield>
    <subfield code="b">t.p. (S.F. Bourke) t.p. verso (Bourke, Sidney Frederick)</subfield>
  </datafield>
  <datafield tag="670" ind1=" " ind2=" ">
    <subfield code="a">His The teaching and learning of mathematics, 1984:</subfield>
    <subfield code="b">t.p. (S.F. Bourke) Aus CIP (Bourke, S.F. (Sidney Frederick), 1940- )</subfield>
  </datafield>
  <datafield tag="670" ind1=" " ind2=" ">
    <subfield code="a">Assessing affective characteristics in the schools, 2000:</subfield>
    <subfield code="b">CIP t.p. (Sid F. Bourke, Univ. of Newcastle)</subfield>
  </datafield>
  <datafield tag="675" ind1=" " ind2=" ">
    <subfield code="a">Australian govt. dir., 1975;</subfield>
    <subfield code="a">WW Aus, 1977.</subfield>
  </datafield>
</record>